2774 4760
200 373 302 460 slim
705 393 879 462 Praelatio.
976 469 979 479 Ι

104 567 107 574 ’
206 596 256 645 ac
279 591 400 668 saepe
419 591 474 642 ne
496 563 678 641 indicare
703 565 869 668 quidem
892 567 1013 658 haec,
1039 565 1110 640 sed
1133 561 1348 668 legentib

140 737 149 786 3
203 686 457 792 permittere,
481 712 536 762 ne
558 668 797 762 m'oles‘libri
819 685 864 762 in
882 679 1119 761 immensum
1145 702 1348 762 crescet*

205 807 299 885 satis
321 805 445 910 igitur
468 809 712 910 plerumque
737 793 893 902 habui,
908 805 1086 884 breviter
1109 804 1348 910 significas.

205 953 315 1031 quae
328 911 507 1033 legentes
524 943 670 1028 sponte
682 919 960 1006 intellecturos
983 927 1220 1021 credebam,
1251 931 1349 1000 doc

206 1049 315 1124 enim
354 1047 596 1140 scribebam,
615 1055 718 1143 ‘non
748 1047 1005 1124 discentibus.
1054 1045 1264 1124 Maxime'
1280 1069 1349 1156 pe

206 1167 358 1264 studui,
381 1187 431 1243 ut
453 1170 602 1270 planus
623 1191 665 1244 et
687 1168 815 1245 facilis
837 1165 1090 1273 per'singula
1106 1187 1214 1243 esset
1236 1186 1349 1242 curs*

204 1288 395 1366 Lexicon
433 1273 791 1391 perlustrantibus:
826 1289 981 1392 itaqu‘e'
997 1271 1131 1368 varies
1165 1285 1350 1391 signific.¹

205 1411 350 1504 tiones,
364 1407 437 1483 ubi
448 1407 609 1512 licebat,
626 1410 973 1513 comprehendens
992 1431 1034 1486 et
1048 1409 1254 1485 flexiones
1277 1429 1350 1483 cor

115 1527 118 1540 '
208 1513 535 1631 stutctionesque
557 1531 877 1607 *vocabulorum
915 1527 1165 1632 potissimum
1205 1545 1351 1606 seeutt

110 1675 114 1686 ’
207 1650 430 1728 Nominum
454 1651 579 1725 Casus
604 1672 646 1726 et
667 1653 894 1730 Verborum
920 1651 1083 1728 Genera
1109 1646 1311 1740 discrevi,
1339 1655 1351 1720 't

98 1792 100 1800 ’
206 1770 451 1872 quibuscum
482 1771 554 1844 illa
583 1769 855 1873 jungerentur
876 1769 1103 1873 Appositis,
1133 1764 1352 1874 qubs'hae

207 1891 397 1995 regerent
411 1892 549 1986 Casus,
568 1888 739 1966 ostendi.
790 1891 840 1964 In
856 1913 941 1992 que
954 1897 1093 1969 temen
1107 1915 1152 1968 re
1165 1895 1352 1966 lecturus

208 2011 364 2088 animos
379 2015 567 2087 hocloco
580 2009 755 2117 monitos
770 1993 1158 2114 velim„me,'‘quum
1168 2009 1352 2088 Nomina

208 2129 341 2209 tivum
381 2152 423 2206 et
455 2129 752 2228 Accusativt'tm
790 2130 1031 2232 scripserint,
1075 2132 1157 2211 vim
1189 2121 1353 2205 Cestius

208 2257 355 2326 horum
375 2276 464 2326 non
482 2254 631 2328 formas
654 2268 1023 2354 spectasse,'quum
1044 2275 1192 2353 saepe,
1207 2269 1353 2327 mutan

101 2371 108 2383 '
210 2361 534 2466 constructione,
560 2375 666 2452 alter
682 2369 728 2446 in
750 2374 923 2448 alterurn
936 2386 1137 2467 transeat,
1157 2371 1354 2448 tamenin

211 2495 428 2605 complexu
442 2491 668 2568 sententiae
683 2491 764 2570 vim
780 2489 956 2594 priorem
971 2492 1165 2588 retineat,
1187 2515 1238 2612 ῑιτΙ
1249 2513 1310 2568 ex.
1324 2517 1354 2567 c.

208 2628 250 2714 p.
287 2619 371 2707 147.
408 2613 482 2690 sub
518 2609 842 2716 Compositio.
872 2617 919 2720 a)
953 2613 1150 2690 Νοηιὺιιιΐ.ἱ
1179 2611 1354 2692 invenias

211 2735 367 2833 „mugit
379 2759 457 2809 nou
472 2731 748 2835 ἅῤῥυθμον.-
755 2756 869 2836 quum
879 2733 1096 2836 ἔνρυθμον
1115 2761 1192 2811 csse
1207 2739 1354 2836 sumpo-

212 2855 442 2945 stonense
466 2878 517 2929 ac
536 2856 664 2956 paulo
684 2876 778 2956 post
795 2852 832 2948 d)
846 2837 981 2932 Acies.
1002 2857 1139 2952 „rebus
1152 2882 1354 2933 weormu-

211 2975 342 3052 tlundu
362 2965 624 3078 conpositt'o.“
673 2975 814 3080 Atque
847 2973 987 3050 similia
1018 2976 1091 3052 ubi
1121 2977 1349 3061 invenerint.

210 3098 375 3174 similem
409 3096 610 3172 rationem
645 3099 805 3172 subesse
838 3105 1044 3178 censeant.
1103 3097 1280 3174 Ceterum
1302 3119 1349 3175 ut

172 3200 175 3209 Δ
211 3243 485 3295 succurrerem
504 3216 635 3292 labori
659 3215 818 3322 singula
840 3221 1144 3321 quaerentium',
1170 3217 1346 3315 ordinem,

211 3329 335 3440 quem
354 3339 656 3439 alphabeticum
671 3360 838 3435 vocant,
865 3339 995 3435 etiam,
1005 3338 1051 3414 in
1071 3338 1241 3442 plurimis
1258 3367 1345 3442 par-

164 3535 168 3545 ,
211 3458 344 3536 siculis
361 3457 539 3559 ipsorum
555 3461 852 3535 vocabulorum
868 3459 1049 3554 adhibui,
1072 3476 1133 3555 ut,
1150 3457 1187 3552 ,si
1205 3457 1263 3534 eui
1281 3459 1342 3536 via

209 3578 476 3681 ingredienda
498 3599 602 3654 esset
624 3577 668 3653 in
688 3584 800 3654 hunc
822 3579 1122 3684 vocabulorum
1142 3584 1245 3660 velut
1264 3584 1349 3654 La?

206 3699 462 3795 byrindrum,
488 3691 669 3800 quodam
682 3697 883 3774 Ariadnes
905 3699 976 3774 iilo
997 3697 1155 3776 facilius
1177 3719 1213 3774 et
1228 3699 1337 3775 tutius

80 3856 83 3866 .
207 3844 284 3921 per
299 3821 436 3894 omne's
451 3843 603 3894 errores
618 3841 659 3895 et
672 3821 879 3896 anfractus
892 3824 1121 3894 duceretur.
1171 3817 1336 3920 Denique

209 3963 377 4040 operam
396 3937 498 4012 dedi'
514 3963 588 4039 per
610 3960 744 4015 totum
760 3965 877 4042 opus,
903 3961 953 4016 ut
968 3939 1205 4018 Latinarum
1218 3939 1331 4015 litere·

205 4073 296 4134 rum
305 4059 502 4134 studiosos
512 4059 767 4136 ‘sublevarem
778 4085 873 4166 ¹meo
887 4061 1028 4136 labore
1034 4087 1159 4164 quam
1173 4059 1329 4154 maxime;

206 4192 331 4280 quam
352 4181 563 4274 molestam
579 4179 745 4281 quidem
764 4185 836 4260 ssd
850 4181 1054 4260 literarum
1074 4182 1198 4260 cultui
1213 4179 1326 4258 utilem
