2922 4756
469 254 710 320 Perseverentia
734 291 776 304 -
796 254 936 358 Perseus
1168 227 1171 234 Ι
1201 265 1265 340 ,ote

154 423 224 490 (Sp.
244 429 399 476 communes
415 426 498 491 sunt)
518 419 610 477 esrom
622 419 800 492 quaestiones
816 427 844 490 7,
859 421 887 490 4,
904 421 940 478 40
955 430 988 480 Ζ.
1023 425 1199 497 materiaque
1214 427 1268 495 ipsi

154 493 258 562 lingunt
278 499 304 546 et
325 494 357 544 ad
377 507 479 544 morem
497 492 630 546 actionum
650 499 845 564 persequuntur
864 490 892 558 4,
917 497 942 560 1,
960 492 1002 546 43.
1033 494 1081 546 ille
1107 497 1267 554 exercitatio
1359 535 1361 548 .

130 569 223 616 ,totas
243 561 366 612 materies
384 563 429 615 vel
454 560 560 614 silentio
585 560 762 628 persequendi
786 565 828 624 10,
855 565 880 625 7,
903 563 946 616 25.
980 574 1035 615 non
1059 573 1120 618 sunt
1146 565 1267 638 singulae

154 629 259 692 species
279 631 480 697 persequendae
498 629 525 696 6,
547 633 573 694 1,
593 630 617 682 5.
637 627 671 692 os.
691 630 717 694 6,
741 631 768 694 3,
793 630 836 684 35.
861 633 896 691 7,
913 633 945 695 9,
976 633 1024 696 13;
1051 648 1123 685 nuno
1146 650 1266 688 eamus

153 711 204 760 per
227 697 350 769 bingnlas
385 713 522 750 ceusermn
551 696 715 764 judicialium
741 703 860 763 partes,
881 714 947 766 quas
975 708 1005 751 nt
1022 701 1207 771 ,persequi
1225 706 1265 758 ed

151 765 271 818 ultimam
290 766 407 828 speciem
426 781 483 820 non
500 780 608 831 possum
626 777 672 818 cto.
691 771 718 831 7,
737 771 762 831 1,
779 765 822 822 64.

115 831 370 898 Persevorontia.
406 865 467 903 oum
484 849 638 914 praesertim
657 851 789 973 quozruffl.
807 848 931 913 probetis
949 852 1007 903 sols
1025 850 1060 904 sit
1076 851 1105 905 in
1125 871 1277 936 susseve-¹
1376 861 1382 874 ⁸

677 957 685 986 ,
980 949 984 956 .

152 919 637 994 rationeetperseverantis
722 957 729 984 ,

14 933 17 1010 μ
116 983 303 1050 Persevero.
340 1001 370 1072 o)
388 1003 411 1059 si
437 1003 672 1068 perseveraverint
694 1002 776 1072 (opto.
804 1004 883 1055 codd.
913 1003 1142 1072 perseverarint),
1171 1022 1266 1072 repre.

14 1075 15 1082 ’
120 1081 124 1088 ·
151 1071 248 1125 hensio
266 1071 414 1138 feciliorb,
434 1077 460 1140 7,
480 1072 513 1125 14
530 1080 564 1126 Ζ.
584 1071 673 1144 higar'
693 1088 718 1124 m
739 1085 926 1136 perseverasse
949 1076 991 1137 11,
1009 1077 1034 1138 1,
1054 1073 1144 1132 emin
1163 1080 1265 1132 nullum
1322 1134 1324 1144 ,

146 1141 205 1208 jem
224 1140 360 1213 proprium
376 1157 453 1194 ueram
472 1153 659 1204 perseveramu
690 1143 716 1206 6,
734 1141 777 1192 Pr.
802 1140 842 1193 16.
879 1139 900 1191 si
918 1138 1019 1193 viribus
1038 1141 1264 1214 delicientur,
1341 1183 1346 1202 .

149 1208 238 1262 ιιιιὶιιιο
261 1212 557 1274 pertentandum
576 1218 616 1262 est
632 1208 659 1275 4,
676 1210 720 1261 Pr.
737 1213 771 1272 73
793 1222 841 1272 ap.
863 1224 910 1261 eos
928 1208 1134 1280 (praeceptores)
1151 1213 1265 1280 juvenes

153 1277 234 1331 etiem
251 1277 316 1330 fecti
335 1287 508 1343 perseverant
524 1283 550 1345 2,
568 1283 595 1344 2,
613 1281 639 1332 3.
659 1277 695 1329 in
712 1277 804 1330 labore
830 1291 884 1328 nno
908 1289 1082 1341 perseverare
1107 1285 1139 1346 1,
1162 1287 1213 1348 12,
1235 1287 1263 1338 4.

152 1347 455 1410 perseveraverit
489 1347 525 1399 in
559 1362 611 1412 eo,
649 1346 722 1416 quod
752 1353 939 1411 coeperet,
972 1362 1004 1398 en
1038 1347 1136 1416 eliqnid
1169 1351 1263 1407 dolore

148 1415 298 1467 mutarit
315 1415 341 1480 5,
360 1413 387 1480 4,
404 1419 430 1468 2.
466 1413 500 1484 in
517 1417 567 1469 hac
585 1413 711 1484 opinione
728 1421 930 1478 perseverantes
948 1417 990 1480 12,
1010 1417 1051 1482 10,
1069 1419 1116 1481 27;
1136 1423 1263 1480 perseve-

14 1473 19 1488 '
120 1491 122 1498 ’
149 1484 269 1536 rantibus
287 1483 381 1536 studiis
398 1487 431 1535 ab.
450 1485 493 1538 79.
511 1483 543 1551 β)
561 1503 612 1603 seq.
633 1481 700 1546 los.:
724 1491 754 1534 ut
771 1483 887 1535 remedie
907 1483 1018 1546 perinde
1035 1499 1262 1548 perseverent

150 1552 277 1606 adhibere
295 1553 341 1606 vel
360 1552 525 1604 desinent
546 1555 572 1620 6,
609 1591 617 1616 ,
636 1550 676 1606 19.
696 1549 747 1615 ipsi
759 1559 964 1615 perseverarunt
983 1555 1020 1618 (o.
1036 1559 1096 1606 l.—
1107 1557 1263 1626 eraverunt)

149 1621 190 1674 ire
210 1623 236 1686 7,
254 1625 280 1687 1,
298 1623 340 1674 30.
360 1619 393 1683 os.
412 1623 438 1700 3,
456 1621 484 1687 8,
502 1623 543 1674 te.
579 1619 695 1688 ideoque
713 1636 757 1684 ee,
784 1636 853 1688 quae
879 1619 986 1706 proprie
1010 1619 1109 1692 signari
1121 1631 1263 1693 poterent,

149 1689 261 1811 cismqiim
283 1696 474 1753 coeperint
492 1689 648 1757 enuntiare,
676 1705 707 1740 eo
735 1687 831 1742 deindo
854 1690 1125 1754 perseverarint
1151 1697 1193 1761 12,
1218 1697 1261 1762 10,

14 1849 16 1862 “
112 1821 278 1888 Persolvi).
313 1841 347 1894 Et
363 1842 550 1905 persolverunt
566 1841 619 1910 (ac.
637 1817 765 1910 partem
785 1840 945 1909 petitam)
963 1845 1049 1910 11,2,
1069 1845 1109 1896 12.

55 1978 74 2002 ο
111 1907 265 1974 Persona.
301 1925 324 1991 1>
343 1931 450 1979 scenico.
474 1930 505 1986 o)
523 1925 636 1980 sseniois
658 1925 793 1988 amoribus
817 1927 876 1981 eod.
897 1941 956 1982 vox
984 1927 1044 1993 plus
1069 1929 1119 1980 snb
1141 1917 1263 1996 persone

148 1997 224 2050 velet
240 1995 267 2060 6,
287 1999 312 2060 1,
329 1997 372 2050 26.
407 1995 440 2063 β)
457 1995 544 2048 aliene
563 2009 589 2059 p.
606 1995 634 2061 4,
654 2000 672 2048 2
700 1998 758 2048 103.
778 2015 802 2048 ιι.
822 1993 982 2049 Alienus.
1002 1995 1039 2060 ιι.
1051 1995 1154 2052 comici
1173 2003 1215 2066 11,
1235 2003 1262 2067 3,
1284 1995 1289 2008 “

148 2065 192 2118 79.
211 2061 364 2135 tragoediae
381 2063 526 2128 scriptores
544 2035 681 2117 clarissimi
703 2093 739 2104 -
765 2063 922 2117 auctoritate
946 2078 1118 2129 personarum
1142 2077 1189 2120 eto.
1219 2072 1261 2132 10,

102 2165 105 2173 ι
150 2137 176 2196 1,
196 2135 239 2186 97.
275 2134 323 2187 vel
339 2145 431 2196 parum
451 2131 615 2187 couveniens
642 2145 773 2196 personee
797 2133 867 2185 risus
893 2136 941 2199 tt,
966 2135 999 2198 3,
1027 2136 1085 2188 180.
1119 2148 1261 2199 perronem
1306 2185 1310 2210 ,

148 2199 273 2254 Herculis
291 2208 318 2253 et
335 2202 480 2254 cothurnos
499 2209 591 2264 eptere
609 2200 754 2252 insentibus
772 2201 797 2265 6,
824 2205 848 2266 1,
875 2199 919 2254 36.
953 2199 1111 2266 terniones,
1141 2220 1201 2258 oum
1224 2221 1261 2258 ex

148 2270 239 2337 aliquo
257 2269 381 2340 graviore
404 2277 465 2322 sote
484 2283 627 2334 personam
644 2267 831 2331 deposuissent
847 2269 874 2334 6,
892 2273 918 2334 2,
934 2270 975 2322 35.
1012 2288 1073 2324 num
1095 2285 1146 2335 per
1166 2288 1261 2327 omnes

148 2345 175 2392 et
192 2351 365 2402 personas
377 2343 404 2390 et
421 2337 579 2392 allectus
593 2345 636 2392 est
648 2335 899 2404 (comoedio)1,8,7.
916 2335 995 2403 iniis,
1015 2356 1083 2406 quse
1102 2340 1262 2394 adscensus

149 2416 360 2478 componuntnr,
383 2406 482 2460 tenutis
501 2405 615 2460 ertilioes
634 2405 822 2470 pronuntiandi
845 2407 1000 2468 epersonis
1026 2422 1133 2476 quoque
1150 2409 1260 2462 affectus

146 2485 301 2530 mutuentur
319 2479 360 2541 11,
376 2477 402 2540 3,
420 2477 463 2528 73.
498 2475 584 2544 major
609 2474 638 2527 in
661 2472 783 2540 personis
807 2474 959 2529 observatio
985 2484 1026 2528 est
1048 2477 1119 2540 apud
1144 2478 1260 2550 negicos

148 2544 320 2614 comicosque
339 2548 381 2608 11,
403 2545 427 2609 1,
446 2545 490 2596 38.
1063 2575 1067 2591 .

213 2611 249 2678 11)
268 2617 424 2678 generaliter.
442 2609 474 2677 s)
492 2631 514 2664 o.
534 2610 617 2678 Ati:
644 2610 724 2664 certis
741 2609 931 2680 destinatisque
945 2623 976 2674 ιι.
1002 2613 1029 2678 3,
1053 2611 1084 2678 6,
1111 2612 1155 2666 57.
1194 2613 1260 2667 elios

150 2689 266 2747 certam,
290 2681 353 2734 elias
376 2681 503 2734 inoertom
523 2693 549 2744 p.
567 2685 595 2745 7,
611 2683 638 2744 2,
654 2679 680 2734 9.
709 2678 744 2744 os.
767 2683 794 2745 3,
818 2683 844 2746 5,
870 2681 912 2734 18.
938 2681 965 2746 9,
981 2683 1008 2744 2,
1028 2681 1069 2734 37.
1104 2683 1261 2748 coujunctos

55 2751 60 2763 ¹
148 2749 266 2802 momine
285 2762 312 2813 p.
330 2750 356 2813 6,
370 2753 397 2814 2,
413 2748 455 2802 14.
472 2761 500 2812 p.
519 2747 772 2814 convenientes'iis,
791 2764 860 2816 qnos
876 2749 948 2800 lecte
966 2748 1039 2804 credi
1053 2749 1175 2802 volemus
1187 2749 1214 2816 4,
1231 2755 1259 2816 2,
1316 2785 1320 2800 .

148 2819 190 2872 52,
210 2833 236 2881 p.
255 2817 417 2872 favorabiles
434 2822 461 2883 7,
480 2823 504 2882 1,
522 2816 566 2871 43.
585 2831 612 2881 p.
632 2816 765 2870 linituram
785 2820 811 2882 3,
838 2818 864 2882 5,
887 2819 930 2871 18.
965 2818 1040 2870 velut
1067 2818 1153 2872 latens
1179 2831 1207 2882 p.
1232 2821 1259 2884 3,

148 2887 176 2950 5,
193 2887 218 2940 9.
237 2899 264 2950 p.
281 2894 403 2950 potentes
421 2887 449 2950 9,
466 2890 493 2950 2,
510 2888 555 2942 68.
573 2899 599 2950 p.
617 2885 742 2950 proprios
761 2889 788 2952 3,
805 2886 831 2950 5,
849 2886 874 2938 8.
892 2885 920 2954 β)
939 2904 962 2938 o.
981 2887 1078 2944 Gentes
1096 2886 1164 2938 duee
1181 2886 1260 2938 simul

147 2955 300 3020 hujusmodi
316 2968 342 3019 p.
360 2953 486 3009 Ciceroni
504 2953 679 3021 obstiterunt,
705 2955 745 3007 M.
775 2953 900 3020 Catonis,
927 2953 1067 3021 Serviique
1087 2953 1198 3018 Sulpicii
1217 2959 1258 3020 11,

148 3027 174 3088 1,
192 3024 233 3078 69.
250 3023 395 3078 edversarii
415 3037 442 3086 p.
459 3022 486 3089 4,
508 3027 597 3088 1,14.
631 3040 647 3074 ιι
670 3032 762 3076 nostre
790 3031 817 3076 et
843 3024 875 3074 ab
902 3022 974 3088 ejus,
998 3021 1045 3090 qui
1070 3021 1206 3088 dissentit,
1231 3037 1257 3086 p.

64 3105 67 3114 ’
125 3093 174 3158 3,
192 3093 219 3156 8,
250 3093 279 3144 8.
302 3105 327 3154 p.
353 3107 465 3162 magnes
490 3119 524 3131 -
545 3107 655 3162 regum,
684 3091 851 3158 principum,
884 3091 993 3156 populi,
1026 3099 1133 3143 senatus
1157 3087 1190 3142 lb.
1214 3093 1256 3146 61.
1284 3091 1288 3096 “

148 3159 465 3294 umerum:
490 3159 719 3280 ιιιιϊ
746 3157 1132 3234 s>
1158 3174 1259 3281 ιι

146 3297 242 3361 positis
259 3307 400 3366 quaeretur
417 3301 441 3362 3,
459 3297 485 3363 6,
501 3299 545 3350 25.
563 3297 592 3350 in
612 3247 848 3351 dts'oondoqrtmori
869 3265 1047 3350 necessaiium
1065 3304 1121 3360 est,
1138 3265 1210 3362 'eques
1229 3312 1256 3361 p.

148 3369 255 3432 eto.12,
272 3369 299 3434 8,
317 3363 358 3420 14.
392 3365 415 3418 si
433 3367 503 3418 lorte
521 3366 555 3418 sit
575 3366 633 3432 ejus
650 3379 677 3429 p.
698 3365 775 3431 talis,
803 3373 832 3418 nt
849 3364 889 3417 illi
909 3366 1038 3417 debeatur
1060 3363 1211 3418 reverentie
1230 3367 1258 3432 6,
1348 3399 1356 3406 -

147 3439 174 3499 1,
195 3433 285 3488 sein
302 3452 353 3503 que
370 3433 514 3500 (moterlo)
533 3436 607 3486 nulla
622 3435 754 3500 varietas,
779 3433 870 3486 nullus
886 3435 1062 3500 effeetus,
1082 3434 1155 3485 nulla
1173 3447 1259 3498 pers.

150 3493 252 3555 eto.‘sit
267 3507 314 3564 10.
336 3509 361 3570 1,
380 3503 421 3558 55.
437 3512 466 3554 nt
483 3501 538 3556 rei
555 3504 660 3568 pondus
684 3502 762 3558 etiem
789 3515 816 3566 p.
839 3503 978 3555 confirmet
1003 3503 1043 3568 8„
1059 3504 1092 3566 5,
1108 3503 1144 3562 ,8.
1179 3511 1259 3566 ιιιοιιι

149 3587 236 3640 quaeq
244 3571 339 3626 ‘nerea
356 3589 388 3624 eo
406 3587 558 3636 persone
572 3569 838 3638 desideratorem,
857 3571 879 3624 si
888 3586 913 3636 p.
925 3572 1041 3625 obstaret
1050 3571 1259 3625 reetaeoretioni

147 3643 173 3701 e,
192 3643 217 3706 2,
236 3643 278 3696 79.
298 3649 351 3694 tem
368 3643 438 3694 salse
456 3658 536 3709 quem
553 3655 649 3695 severe
667 3639 773 3694 dicendi
793 3637 936 3706 (species),
960 3656 1025 3707 quas
1043 3649 1157 3703 praestat
1176 3653 1258 3707 pers,

147 3709 224 3761 locas
240 3721 284 3762 rto.
304 3714 330 3776 3,
350 3713 391 3775 10,
413 3716 436 3762 1.
455 3710 507 3762 nisi
527 3709 549 3762 si
569 3717 657 3762 tamen
679 3723 705 3774 p.
725 3725 774 3760 nos
792 3709 943 3773 prohibebit
967 3709 993 3772 6,
1019 3712 1043 3772 1,
1065 3707 1108 3760 34.
1143 3726 1204 3761 cum
1229 3708 1258 3760 in

147 3778 208 3830 loce
225 3778 312 3846 eliqua
329 3787 391 3842 post
406 3788 510 3844 tempus
527 3778 631 3832 reversi
650 3796 740 3830 sumtu
759 3801 794 3812 -
811 3791 941 3841 personae
960 3779 1075 3830 subeunt
1097 3788 1145 3830 eto.
1171 3781 1221 3842 11,,
1231 3781 1258 3843 2,

149 3850 191 3898 17.
208 3843 237 3912 3)
257 3852 355 3900 tientes
381 3849 537 3912 complexus
554 3863 672 3900 rerum
689 3861 967 3914 personarumque
985 3849 1011 3912 2,
1033 3851 1058 3912 1,
1074 3847 1099 3899 9.
1119 3864 1142 3900 o.
1166 3845 1258 3899 Gom-

149 3914 234 3978 plen
243 3933 259 3964 u
269 3931 290 3968 s.
310 3915 457 3968 dillerentia
479 3929 649 3980 personarum
670 3919 711 3980 12,
736 3918 777 3979 10,
802 3919 846 3968 70.
874 3930 901 3979 p.
930 3915 1072 3968 discrimen
1092 3917 1124 3966 ib.
1149 3913 1193 3971 44.
1229 3914 1257 3965 in

150 3996 281 4045 personae
297 3985 406 4038 fictione
422 3987 449 4051 9,
468 3987 495 4049 3,
511 3987 554 4040 89.
577 3989 619 4050 11,
638 3991 662 4048 1,
674 3987 718 4040 39.
736 3999 860 4050 rerum,
878 3999 1118 4052 personarum,
1137 3997 1258 4036 vocum

148 4049 320 4176 {tebet
337 4057 371 4174 ξ’.
383 4052 986 4188 61.-136015ῗῖ“”ἔ..ῗὲ.ἱῗ”ἱίξ..”ἓέἶὶἰι
1004 4051 1258 4186 ixslfiglillbl

310 4161 319 4190 ι
512 4159 521 4190 ι
555 4159 565 4190 s
643 4159 650 4174 ·
1029 4155 1037 4174 ·
1089 4159 1096 4172 ·
1230 4157 1254 4172 ··
