2918 4756
269 325 396 384 xxxvl
599 355 604 364 ·
735 277 1015 399 isolegomena,

255 471 420 624 flexum
434 486 536 565 voris
551 506 626 559 ete.
645 483 698 556 ib.
716 476 798 556 150.
843 481 901 556 Ν
881 505 973 582 eqste
987 479 1159 554 eodem
1139 504 1187 552 ιιι
1208 505 1338 572 eece,

276 627 376 705 sto,
407 613 616 698 insesso,
641 603 751 704 opud
764 603 998 704 prtitoipem,
1022 613 1216 695 sertatum,
1235 603 1355 704 popei

277 735 549 832 magistratus,
583 726 786 828 privato
810 719 1007 824 publico
1030 710 1242 822 judicio,
1271 749 1355 823 pos

278 856 484 945 lotione,
520 848 714 930 actione
747 845 927 921 similiter
957 844 1100 918 decent.
1137 885 1187 902 -·
1226 848 1276 919 ln
1307 846 1355 918 (ὴ

174 979 179 984 ’
280 977 335 1053 cis
374 973 504 1052 verbis
540 995 616 1073 pro
647 967 843 1044 Ablativo
874 963 974 1066 poni
1006 969 1108 1038 solet
1136 965 1314 1040 Dativus
1345 993 1355 1065 1

279 1093 604 1196 Praepositiones
624 1086 815 1179 Latinas,
846 1107 894 1159 ut
917 1107 1017 1178 ms,
1038 1088 1094 1160 18.
1116 1085 1355 1188 εωσυνδιςμι

283 1241 319 1310 2,
338 1213 398 1291 55.
416 1217 497 1290 sine
513 1207 781 1304 daemoniosa,
806 1227 940 1281 cetera
956 1233 994 1281 v.
1010 1210 1112 1304 Lex.
1143 1205 1355 1306 Denique

267 1362 409 1442 guum
425 1359 637 1411 numerum
655 1327 979 1430 exemplorum,
969 1329 1174 1428 inquibus
1190 1329 1355 1428 Praepo

284 1481 311 1531 a
330 1481 418 1532 suo
426 1457 532 1530 Casu
555 1453 636 1528 alio
659 1475 784 1552 quem
807 1448 999 1524 Genitivo
1024 1449 1239 1543 dirimitur,
1276 1473 1355 1552 aug

290 1603 348 1673 ιι,
363 1601 403 1672 ,5,
426 1601 506 1667 133.
528 1575 712 1654 adversos
732 1571 818 1646 hoo
830 1569 1058 1671 facientem.

525 1807 557 1868 5.
599 1800 667 1868 nt
695 1794 1204 1866 coNJUthlQoNums

388 1936 468 2012 Hie
494 1959 657 2012 tantum
681 1934 916 2036 quaedam
905 1961 951 2008 ιιι
971 1933 1205 2011 universum
1226 1951 1355 2006 traete

290 2079 430 2160 erunt,
457 2083 566 2158 quae
587 2063 639 2133 de
662 2083 739 2132 usu
755 2055 1102 2190 Conjunetiottum
1118 2041 1354 2154 copulativa

290 2169 547 2255 observanda
563 2176 710 2253 censui.
760 2177 938 2276 Quando
955 2175 1061 2250 enim
1085 2198 1158 2249 aut
1184 2173 1278 2248 bina
1299 2179 1355 2247 tal

292 2297 659 2400 Cotijunotionibus
681 2297 826 2400 juncta
851 2300 1056 2374 voeabula
1083 2317 1124 2370 et
1152 2295 1240 2397 ipsa
1265 2295 1354 2369 Con

248 2477 250 2481 .
282 2417 427 2494 ¹ctione
450 2419 646 2520 ejusmodi
665 2419 877 2522 jungenda
903 2411 1016 2511 stint,
1049 2405 1121 2494 aut
1145 2416 1275 2492 verbis
1299 2419 1355 2488 tal

291 2538 499 2640 particulis
516 2539 744 2641 conjunctis
763 2539 843 2614 alia
864 2537 1185 2643 subjunguntur,
1212 2535 1355 2615 variari

253 2656 268 2680 ''
292 2661 380 2733 lent
406 2659 500 2734 illae
524 2660 754 2761 particulae
782 2658 858 2752 ita,
889 2682 957 2752 ut,
990 2683 1098 2761 quae
1123 2657 1299 2759 singulas
1325 2683 1353 2730 v

291 2777 488 2881 juhgant,
526 2780 668 2856 similes
696 2781 795 2874 sint,
837 2783 981 2881 quale:
1015 2777 1277 2854 Demosthenis
1297 2789 1355 2856 ,ot

293 2901 489 2976 Aeschinis
501 2899 605 2978 inter
624 2903 894 2977 sesontrorios
909 2904 934 2995 (
928 2902 1096 2976 actiones
1090 2905 1137 2997 ).·
1158 2900 1349 2974 etServii

289 3023 390 3122 pioii
411 3035 556 3122 atquo
574 3023 765 3098 Messalae
791 3045 852 3114 to,
878 3045 917 3114 ι,
943 3040 1002 3096 22.
1052 3023 1285 3113 Praeterea,
1312 3045 1355 3119 qt

229 3187 233 3195 -
268 3220 269 3229 ,
295 3167 420 3242 quam
441 3148 493 3216 de
506 3141 565 3215 his
581 3146 699 3216 rebus
716 3161 827 3218 certa
841 3163 882 3218 et
901 3142 1087 3217 omnibus
1109 3140 1206 3217 loeis
1227 3165 1355 3218 comm

295 3265 362 3336 lex
387 3261 578 3337 constitui
601 3266 717 3338 nulla
734 3284 886 3364 potest,
913 3263 1034 3339 vitari
1056 3263 1149 3338 mihi
1177 3261 1355 3339 visumst

294 3404 392 3458 ente
406 3383 539 3458 literas
556 3388 757 3477 dentales,
781 3406 951 3487 propter
968 3383 1209 3486 asperiorem
1223 3381 1308 3455 eine
1323 3387 1355 3455 dr

181 3568 185 3588 ,
294 3527 458 3597 sonum,
488 3504 695 3580 nisi'forte
719 3531 799 3599 oo,
834 3506 918 3604 eju's
945 3509 1037 3580 loeo
1068 3501 1270 3604 positum,
1306 3502 1355 3604 ips

295 3623 556 3700 antecedenti
572 3627 774 3724 yoeabulo
791 3627 833 3701 in
847 3653 880 3702 o·
888 3625 1114 3714 desinente,
1136 3621 1355 3697 offendere

261 3755 263 3764 ’
299 3771 340 3839 ι,
366 3772 407 3841 ι,
434 3768 488 3822 ιο.
521 3728 719 3827 indeooro
746 3761 795 3824 et
817 3747 1034 3825 theatralis
1052 3769 1128 3820 eos
1148 3749 1350 3818 diceretur

295 3869 359 3940 Pr.
382 3865 428 3938 16
445 3867 668 3967 proprietas
683 3895 737 3943 oc
759 3868 1009 3970 differentiis.
1043 3869 1195 3944 Verum
1209 3869 1309 3968 haee
1324 3888 1355 3935 ει

277 3987 349 4087 ‘lia
363 4009 459 4063 sunt
475 4011 524 4064 ae
540 3988 714 4082 minuta,
738 3987 850 4067 volui
867 4001 1003 4064 tamen
1019 3985 1134 4088 quasi
1149 4005 1355 4085 praetereo

295 4109 505 4212 attingere.
