2774 4760
179 343 249 407 [1211
505 355 521 392 ·’
570 301 573 314 i
659 345 892 434 prolegomena

197 516 367 590 Codices
389 516 542 614 optabit
561 535 603 590 et
618 517 794 591 montet
818 535 999 590 mutetur
1028 518 1100 610 (of.
1116 520 1303 593 *Walch
1335 543 1381 592 ai

153 687 157 728 3
199 637 303 710 Tae.
317 635 452 738 Agris.
467 663 508 738 p.
530 633 628 737 105).
682 635 933 735 Quinetiam
955 637 999 710 in
1021 619 1379 736 Coniunctiv

154 823 158 829 .
199 758 436 862 Perfecto
462 755 789 832 videtui·eadem
811 755 881 832 illa
902 757 1381 832 visinfinitainessem

200 903 243 968 s,
273 879 333 956 28.
365 878 468 952 nam
495 879 677 978 montedo
711 892 883 975 pugnum
911 876 1128 953 ineuntibus
1156 891 1223 954 tot
1255 880 1378 954 simu

200 1011 324 1072 mettas
345 999 486 1074 laboris
499 1019 575 1072 eto.
600 999 744 1072 excid
751 1000 896 1092 erint,
926 1001 1005 1073 nisi
1020 1000 1062 1076 in
1085 1018 1224 1078 eornm
1242 1002 1381 1076 locum

199 1120 327 1218 pt'siut
349 1141 426 1195 eto.
452 1120 802 1195 successerint?

498 1409 527 1422 ..
580 1351 611 1408 4.
655 1342 722 1410 DE
753 1337 980 1406 FUTURO.

205 1531 212 1540 ·
279 1485 498 1590 Singularis
514 1485 682 1586 qnidam
696 1487 862 1580 Futuri,
889 1491 1001 1586 apud
1023 1485 1266 1586 scriptorem
1290 1513 1380 1562 no·

202 1627 328 1680 strum
344 1605 534 1706 imprimis
549 1608 753 1708 frequens,
768 1633 879 1701 usus,
894 1633 1022 1706 quum
1030 1607 1073 1680 in
1082 1595 1377 1684 Grammaticis

202 1725 560 1804 nostrisimnterito
577 1732 789 1830 neglectus
810 1727 861 1800 sit
868 1783 888 1836 ,Ι
902 1729 1084 1828 pluribus
1104 1734 1154 1803 de
1174 1757 1216 1804 se
1236 1730 1372 1804 disse-

202 1873 292 1920 rere
313 1873 377 1922 me
396 1849 534 1950 jubet:
561 1849 720 1923 accedit
742 1848 849 1922 enim
865 1851 1068 1922 Futurum
1090 1848 1262 1951 simplex
1287 1879 1369 1953 pro

202 1983 353 2044 natura
368 1993 440 2044 sua
452 1970 637 2071 proxime
655 1973 916 2044 adPraesens
932 1969 1218 2070 Conjunctivi,
1245 1995 1367 2048 utro-

21 2135 24 2152 .
112 2093 122 2113 ‘
204 2111 299 2186 que,
324 2114 412 2164 non
429 2090 530 2189 quid
545 2090 606 2185 sit,
631 2096 701 2165 sed
716 2089 817 2191 quid
832 2089 918 2163 fieri
931 2091 1068 2190 possit,
1093 2091 1364 2194 significante,

202 2207 279 2281 nisi
297 2215 411 2309 quod
425 2236 501 2310 per
512 2213 548 2284 F
548 2233 716 2286 uturum
737 2213 950 2311 loquentes
970 2209 1145 2313 singulas
1166 2215 1359 2308 actiones,

203 2353 313 2427 qnae
341 2329 567 2432 aliquando
592 2335 822 2425 dabuntur,
848 2351 1057 2431 spectant,
1083 2333 1126 2405 id
1149 2341 1263 2432 quod
1283 2336 1357 2410 im·

202 2451 337 2550 primis
368 2451 412 2527 in
445 2453 736 2554 praecipiendo
766 2475 815 2525 ao
844 2457 1034 2526 docendo
1059 2457 1355 2554 looumhabe13

203 2597 350 2670 quum,
384 2573 458 2674 qui
480 2574 686 2648 Praesenti
708 2571 971 2668 Coniunctivi
1003 2593 1199 2670 utuntur,
1232 2603 1353 2678 gene·

203 2693 342 2768 raliter
368 2715 495 2795 atque
514 2693 822 2812 in‘uniyersum
849 2697 1088 2793 loquend0,.
1113 2695 1363 2797 dubitationi,

202 2813 323 2889 etiam
356 2815 561 2890 interdum
598 2819 736 2889 locum
768 2814 1015 2916 relinquant.
1085 2813 1348 2916 Quintilianus

204 2959 334 3037 ergo,
356 2943 434 3012 hac
456 2937 617 3008 illorum
642 2935 895 3035 Temporum
920 2934 1120 3013 affinitate
1143 2959 1263 3037 atquo
1282 2965 1344 3014 ra-

6 3143 7 3158 *
78 3101 82 3108 ·
202 3055 318 3130 tione
341 3062 509 3148 ductus,
540 3054 749 3156 permultis
769 3055 866 3130 loeis
888 3059 1093 3133 Futurum
1113 3062 1144 3136 Ι.
1165 3042 1343 3135 adhibere

126 3210 132 3218 ·
202 3193 292 3250 non
305 3175 519 3270 dubitavit,
537 3176 683 3276 quibus
698 3176 796 3250 locis
807 3201 859 3250 ex
870 3151 1029 3282 vul'gari
1043 3179 1200 3256 ratione
1210 3181 1339 3255 Gram-

202 3296 377 3372 matieae
395 3297 532 3400 potius
555 3294 877 3399 Conjunotivum
894 3299 1121 3377 Praesentia
1145 3323 1337 3400 exspecta·
1361 3297 1365 3310 ’

200 3417 317 3494 veris.
744 3517 747 3522 Ι
995 3481 998 3486 .

278 3538 454 3614 Primum
473 3538 596 3642 igitur
616 3561 726 3616 amat
744 3543 953 3634 Futurum
975 3545 1007 3619 Ι.
1028 3542 1072 3615 in
1096 3545 1331 3616 adhortando

201 3680 276 3732 aut
297 3661 524 3760 praereptis
547 3663 845 3762 proponendis,
875 3663 948 3738 ubi
977 3663 1074 3739 alias
1106 3663 1255 3738 solitum
1279 3683 1330 3736 est

169 3823 174 3830 -
200 3798 275 3850 aut
299 3781 575 3882 Conjunctivo
590 3784 814 3858 Praesentis
837 3807 913 3860 aut
934 3783 1226 3888 conjugatione
1246 3807 1327 3856 eum

198 3897 417 3998 Participio
439 3904 535 3977 Fut.
557 3907 663 3978 Pasa.
686 3906 761 3998 uti,
786 3905 902 4002 cujus
924 3901 1331 4011 generis-largissimam·
1380 3911 1381 3922 ’

200 4015 362 4114 sopiam
393 4028 672 4124 exemplorum
697 4027 839 4101 Cicero
871 4031 923 4100 de
957 4027 1023 4103 Or.
1056 4031 1093 4120 I,
1126 4023 1186 4106 54.
1215 4021 1323 4122 offert.

196 4132 309 4239 Ergo
344 4139 480 4237 priore
515 4143 585 4220 illa
614 4145 774 4256 ratione
809 4173 886 4250 pro
916 4145 1192 4248 ,Coniunctivo
1222 4145 1322 4218 Prae·
1371 4166 1376 4200 ¹
