2914 4758
1191 281 1199 310 Ι
1297 262 1300 281 i

179 287 183 312 ι
252 333 322 400 dib
374 318 379 329 ¹
456 327 459 342 '
621 309 1019 420 Ι0111111311Ι--Νιιιιο

253 551 256 559 ‘
288 503 878 645 ii⁰¹¹if⁸1fia⁰ii⁶i⁵1ii1³iiaiwff
893 515 1398 664 ‚iiffliiia'i‘ei'aff‘sslii’iiss

289 643 391 700 125τ7
417 643 464 699 Pr.
483 645 509 699 3,
530 643 558 710 9,
575 640 601 710 4,
619 645 661 699 33,
679 646 724 708 92.
743 651 785 714 10,
804 652 829 716 1,
847 645 892 703 67,
911 655 954 718 10,
973 656 1000 720 2,“
1018 657 1044 708 3,
1067 659 1109 710 to.
1128 661 1170 710 11.
1195 665 1237 728 10,
1257 663 1284 730 5,
1302 663 1341 716 16.
1367 659 1398 731 d)

288 732 340 782 seq.
360 683 409 764 ui:
436 711 460 766 si
479 728 584 782 semper
601 729 661 766 nec.
682 715 733 782 sit,
759 725 811 782 nt,
829 725 963 782 tentantes
983 728 1192 796 unumquodque
1209 741 1311 796 eorum,
1328 735 1399 798 qaod

287 781 323 838 sit
340 789 429 848 aptum
449 787 530 849 atque
547 781 728 850 conveniens,
754 786 920 856 experiendo
937 805 1079 848 noscemus
1096 791 1195 863 5,“10,
1225 801 1284 852 123.
1317 798 1398 869 [ttae.

287 860 328 903 est
348 865 463 917 semper,
480 848 576 918 ntid,
595 851 668 926 qnod
685 861 726 904 ast
740 854 898 923 appositum,
916 857 939 910 si
953 875 969 910 a
983 861 1093 928 proprio
1108 849 1242 933 diviseris,
1258 882 1310 940 per
1319 885 1347 920 sa
1361 870 1400 928 si-

258 969 264 980 ,
287 919 396 992 guilicet
414 917 568 986 (sioBcd.
586 919 618 970 de
635 921 717 988 aeui,
738 925 906 991 Cndd.optt..·
930 927 996 980 Nec.
1015 938 1057 985 est
1082 948 1189 1000 sempor
1211 937 1260 1004 (sc.
1284 947 1397 1004 tropos

287 992 319 1041 ιιι·
325 990 401 1040 dent
410 990 472 1053 nr),
482 1003 543 1040 cuna
556 987 627 1042 idem
638 1005 697 1056 app.
707 1017 741 1028 -
766 1007 835 1046 erae
846 993 992 1065 siguificat)
1003 1008 1049 1050 etc.
1062 1001 1088 1070 8,
1096 999 1173 1068 eta.
1186 1003 1221 1060 Ν.
1236 1002 1290 1080 eu]
1307 1003 1332 1072 ι)
1342 1002 1397 1060 Νι-

181 1061 191 1104 .“
287 1075 386 1110 nesse·
399 1058 517 1108 buben.-
542 1071 603 1107 cum
623 1056 736 1109 Scaman
788 1075 815 1110 tn
832 1079 893 1120 neo.
910 1063 1021 1118 haberet
1043 1067 1133 1123 dicere
1150 1081 1293 1126 nocentem
1312 1078 1353 1141 11,
1371 1081 1397 1146 1,

249 1115 253 1132 ’
285 1127 328 1176 nt.
348 1125 463 1192 scriptor
480 1140 587 1192 semper
606 1125 676 1178 tueri
700 1125 862 1196 signatorem
887 1147 948 1189 neo.
965 1135 1047 1188 habet
1063 1137 1089 1202 7,
1107 1143 1133 1195 2.
1158 1140 1200 1192 53.
1226 1142 1349 1214 princeps
1365 1171 1399 1184 -

205 1196 211 1207 '
286 1189 444 1256 neo'habet
459 1193 543 1256 multa
562 1192 705 1264 ignoscere
721 1199 840 1260 Darnis.
859 1198 913 1263 As.
929 1203 956 1268 8,
974 1203 1000 1270 5,
1019 1206 1045 1259 3.
1072 1203 1106 1270 cf.
1127 1207 1265 1275 11111,
1397 1216 1400 1220 ’

250 1260 446 1340 Necessitas.
478 1276 511 1346 ι)
528 1287 600 1330 certa
613 1296 679 1337 nec.
698 1282 741 1352 10,
760 1285 786 1348 1,
805 1284 849 1338 29.
867 1285 952 1340 multo
971 1289 1004 1342 ad
1025 1293 1156 1361 agendum
1173 1292 1350 1352 difficiliorem
1364 1311 1398 1367 ¹n.

283 1349 310 1414 9,
328 1353 355 1414 2,
373 1349 417 1404 68.
437 1345 592 1400 immutabili
609 1365 636 1402 n.
656 1353 684 1414 2,
702 1352 744 1416 13,
765 1355 788 1406 1,
806 1351 981 1410 miserrimam
1003 1373 1032 1412 ιι.
1054 1363 1096 1424 11,
1124 1365 1149 1427 1,
1176 1365 1220 1417 58,
1246 1363 1399 1420 innumera-

282 1417 351 1483 biles
370 1417 522 1479 subitaen.
541 1419 585 1482 10,
601 1422 629 1484 7,
645 1421 672 1472 2,
690 1435 716 1472 ιι,
735 1417 811 1482 infru.
846 1425 879 1491 ,1)
899 1426 1039 1490 s.Gcn1'1,.·
1066 1445 1162 1484 canuae
1188 1449 1247 1487 neo.
1276 1435 1303 1498 8,
1325 1437 1398 1500 2,2,

251 1543 254 1548 ,
282 1483 406 1540 metria.
425 1490 450 1547 t,
468 1485 495 1550 6,
513 1488 540 1536 2,
557 1501 585 1536 ιι,
603 1487 717 1554 quadam
732 1487 815 1540 officii
832 1489 896 1542 milri
915 1493 1029 1566 delegati
1044 1497 1071 1563 6,
1088 1499 1131 1552 Pr.
1148 1502 1172 1552 1.
1194 1517 1221 1553 n.
1238 1501 1339 1560 ordinis
1354 1501 1397 1556 sui

162 1563 177 1592 ·.
282 1558 310 1622 8,
328 1555 355 1621 6,
372 1557 416 1608 62,
453 1557 665 1636 centumpedam
683 1572 711 1608 n.
730 1559 772 1621 10,
792 1561 817 1625 1,
836 1561 879 1614 29.
898 1559 957 1628 ipsa
974 1579 1079 1634 pugnae
1096 1584 1122 1620 u.
1143 1570 1172 1635 5,·
1189 1572 1291 1643 ¹³¹.⁵⁹·
1308 1575 1398 1624 renam

171 1620 173 1630 ’
282 1629 356 1690 11.7‚
376 1628 401 1689 1,
422 1623 466 1676 35.
499 1637 595 1689 pnoms
613 1633 684 1677 vitae
701 1640 730 1676 n.
749 1629 792 1692 11,
811 1629 836 1694 1,
856 1629 906 1690 83,
932 1631 1044 1685 subitam
1061 1637 1157 1706 agendi
1175 1655 1201 1696 n.
1224 1639 1270 1704 to,
1297 1643 1324 1708 7,
1351 1641 1418 1702 22,

282 1713 307 1746 e.
325 1692 408 1764 Ago,
427 1691 533 1744 dicendi
551 1708 577 1742 n.
602 1696 643 1756 10,
661 1695 687 1756 5,
708 1697 749 1745 22.
768 1697 810 1762 10,
828 1700 856 1759 7,
876 1701 918 1756 17.
938 1699 1036 1770 ligures
1059 1707 1155 1772 panitas
1177 1701 1209 1759 ac
1231 1704 1320 1762 varias
1343 1725 1396 1762 ex·

282 1757 417 1834 cogitandi
438 1761 517 1813 etiem
534 1775 594 1820 nec.
613 1761 742 1828 quaedam
762 1772 802 1826 est
826 1767 869 1830 10,
896 1768 924 1834 5,
939 1771 966 1821 3.
991 1787 1019 1822 ιι.
1036 1771 1066 1823 id
1087 1773 1205 1842 faciendi
1233 1781 1275 1843 11,
1299 1783 1325 1845 1,
1350 1776 1396 1832 22.

281 1835 348 1888 vere
365 1829 466 1884 fatendi
483 1845 510 1882 u.
530 1827 566 1896 (ι’.
587 1848 609 1880 s.
627 1829 814 1897 tormenta)
833 1833 859 1899 5,
882 1833 909 1899 4,
937 1841 960 1893 1.
986 1837 1167 1906 respondendi
1194 1861 1223 1896 n.
1249 1849 1277 1912 7,
1303 1849 1329 1912 1,
1351 1849 1396 1902 26.

280 1903 364 1955 foeda
379 1896 509 1954 vomendi
526 1913 553 1952 n.
573 1899 600 1962 9,
616 1895 644 1962 4,
661 1901 706 1954 30.
728 1897 761 1962 af·
778 1902 805 1966 8,
822 1900 850 1970 4,
869 1907 912 1961 17.
938 1923 963 1958 v.
989 1907 1065 1971 tusto.
1097 1909 1126 1979 y)
1152 1913 1299 1968 lienosos:
1326 1931 1396 1984 qnae

228 2015 235 2023 .
279 1979 354 2029 tauta
371 1977 412 2022 est
426 1967 506 2038 huius
523 1964 660 2034 praecisae
679 1969 925 2048 comprehensionis
945 1983 1007 2029 nec.
1025 1981 1052 2042 7,
1074 1981 1100 2043 3,
1128 1979 1170 2036 13.
1198 1990 1342 2050 occupatos
1367 1985 1398 2036 in

214 2029 218 2047 ¹
279 2049 390 2092 noctem
407 2053 435 2090 ιι.
452 2034 507 2106 agit
528 2037 570 2102 10,
587 2037 614 2100 3,
630 2039 674 2088 27.
692 2045 722 2090 ut
742 2053 800 2104 tpsa
815 2055 906 2092 rerum
924 2058 953 2096 n.
973 2041 1088 2110 deducat
1106 2050 1140 2100 ad
1167 2051 1352 2106 defensionem
1369 2057 1396 2117 7,

281 2112 307 2175 1,
325 2108 369 2161 35.
392 2120 504 2174 quarum
525 2099 667 2170 (necessit-i
685 2105 712 2156 si·
728 2121 781 2174 qua
800 2109 923 2162 evenerit
941 2115 983 2178 10,
1000 2119 1027 2179 7,
1045 2119 1070 2166 2,
1104 2133 1184 2184 quern
1202 2127 1291 2172 umen
1308 2135 1396 2176 exou-

278 2191 406 2230 ssrenec.
426 2180 514 2242 potest
529 2169 556 2246 t.
575 2175 600 2237 1,
618 2177 661 2226 77.
680 2173 779 2234 sinen.
799 2175 885 2250 exigit
901 2181 934 2232 to.
946 2184 990 2233 22.
1010 2181 1188 2238 difficiliorem
1204 2187 1396 2260 cogitationem

279 2245 406 2312 exprimit
423 2249 450 2296 et
466 2239 578 2310 expellit
595 2240 779 2322 dicendiuneo.
800 2249 842 2310 10,
861 2251 888 2312 7,
908 2253 949 2312 17.
972 2267 1033 2304 nec.
1060 2257 1176 2320 postulet
1197 2258 1224 2322 8,
1250 2262 1277 2322 2,
1302 2261 1328 2315 2,
1365 2253 1396 2326 δ)

280 2317 380 2369 Genua
407 2309 475 2368 ratio
493 2310 660 2363 necessitatis
679 2312 791 2378 ahcujus
810 2318 853 2382 11,
871 2319 989 2388 1,,761).
1011 2321 1130 2378 Error.
1163 2326 1305 2380 excusatio
1331 2344 1395 2382 nec.

278 2387 305 2450 7,
322 2383 349 2446 4,
368 2379 410 2434 14.
428 2399 454 2432 n.
472 2379 697 2460 Ignorantia.
733 2381 759 2445 s)
778 2387 859 2438 Du..·
883 2385 990 2439 laudem
1008 2389 1115 2447 virtutis
1131 2394 1284 2450 necessitati
1301 2395 1397 2450 damus

278 2456 304 2518 1,
320 2453 347 2516 8,
367 2448 408 2508 14.
443 2460 573 2502 acriorem
593 2447 725 2514 animum,
753 2449 799 2518 qui
816 2451 874 2504 iera
889 2455 1091 2510 necessitatibus
1114 2472 1244 2534 repugnat
1266 2467 1292 2530 1,
1311 2466 1345 2534 ι3,
1367 2467 1395 2521 9.

277 2519 458 2589 ontearum:
477 2517 582 2579 afferret
591 2517 776 2571 necessitatem
793 2522 919 2574 vomendi
931 2526 959 2590 8,
966 2523 993 2590 4,
1013 2531 1054 2580 17,
1074 2547 1099 2581 n.
1117 2529 1231 2585 Castus.
1249 2533 1395 2590 excusavit

277 2589 361 2644 cilicii
381 2587 423 2640 sui
440 2591 500 2639 dec.
518 2591 561 2650 11,
582 2591 608 2651 1,
625 2588 668 2640 67.
685 2586 709 2639 si
727 2604 779 2655 qua
795 2589 904 2643 fortuna
921 2601 974 2644 tam
991 2595 1103 2648 subitam
1115 2599 1318 2676 ieceritagendi
1329 2618 1392 2656 nac.

277 2663 321 2725 10,
339 2662 365 2724 7,
383 2659 426 2724 22.
443 2671 531 2723 neque
549 2655 630 2709 habet
651 2663 697 2711 snt
714 2672 871 2722 nsumres
890 2669 935 2714 ant
959 2677 1092 2718 necess.
1122 2670 1163 2730 10,
1189 2671 1284 2734 7,,19.
1311 2669 1391 2738 ofili,

276 2729 303 2792 6,
320 2727 363 2783 59.
382 2729 408 2791 9,
426 2728 453 2790 2,
470 2725 513 2777 68,
530 2723 577 2776 rel
594 2723 716 2794 longiore
731 2727 819 2794 potius
836 2727 939 2782 diarum
957 2731 1044 2800 spatio
1069 2735 1171 2792 laxabit
1194 2737 1303 2796 dicendi
1329 2757 1391 2796 neo.

218 2787 221 2802 '
278 2799 320 2862 10,
338 2795 365 2860 5,
382 2797 426 2848 22.
444 2805 506 2845 neo.
524 2792 678 2848 ostenderet
696 2797 738 2858 11,
760 2798 784 2860 1,
797 2799 841 2849 22.
862 2798 974 2852 rem'ssa
996 2799 1118 2855 ciborum
1140 2811 1192 2872 atq.
1216 2807 1394 2862 exardtatio-

274 2882 340 2923 num
358 2871 431 2915 cents
447 2877 506 2919 neo.
526 2863 569 2926 10,
587 2861 617 2940 3,Ι
634 2861 672 2914 15.
694 2864 819 2915 translata
836 2815 1001 2932 probaiionis
1024 2875 1135 2944 nec-d,
1159 2875 1187 2940 6,
1204 2858 1262 2942 '133
1336 2879 1394 2936 uod

275 2934 299 2988 si
315 2935 386 2986 hano
403 2936 503 2984 vocant
519 2943 590 2992 nec,
608 2944 644 2980 ιιι
661 2947 741 2997 quam
758 2933 881 2992 homines
899 2935 1053 3004 graviorum
1077 2950 1149 2992 matu
1164 2954 1300 3014 coguntur
1365 2947 1396 3012 8,

188 3051 191 3063 ,
274 3005 318 3058 23.
335 3015 417 3069 super
433 3015 494 3051 nec.
533 2999 586 3064 ,3,
602 2995 647 3051 46,
667 2999 772 3070 alligata
789 3003 827 3052 ad
846 3012 946 3056 certam
964 3008 1066 3072 pedum
1081 3009 1344 3082 neo.(poe‘sts)10,
1366 3019 1395 3082 1,

274 3075 319 3128 29.
336 3071 361 3122 ἐἰ
378 3071 412 3121 ad
433 3083 492 3123 nec.
510 3064 613 3118 ordinis
631 3068 673 3121 sui
692 3069 778 3122 verba
796 3071 950 3142 redigantur
965 3076 992 3140 8,
1010 3079 1037 3143 6,
1060 3077 1106 3132 62.
1126 3076 1157 3144 η)
1175 3085 1280 3138 AEtonr
1300 3085 1396 3150 pleraq

191 3197 192 3202 ¹
274 3155 328 3210 qne
346 3144 479 3190 mutantur
499 3135 656 3190 necessitate
675 3147 722 3188 ete.
741 3141 767 3203 2,
787 3143 829 3204 13,
846 3143 872 3192 2.
893 3141 993 3195 occidit
1009 3173 1044 3184 —
1069 3155 1115 3199 eut
1131 3149 1328 3205 voluntate
1346 3161 1396 3206 sut

263 3223 346 3263 'neo
365 3213 392 3274 7,
410 3212 436 3273 1,
454 3204 498 3268 34.
533 3205 611 3256 Nec.
629 3203 722 3258 rustici
739 3211 894 3270 gemiscas
911 3210 940 3262 in
958 3211 1059 3266 vitibus
1080 3215 1163 3283 (quid
1180 3217 1251 3271 enim
1267 3219 1396 3277 moerent

274 3275 381 3345 aliudt)
393 3303 425 3316 ·-·
441 3276 522 3328 Nec.
541 3289 592 3326 nos
608 3275 728 3326 dorum
744 3275 881 3330 hominem
897 3288 943 3332 aut
961 3299 1115 3350 asperum
1133 3286 1160 3350 8,
1177 3287 1286 3351 66111
1304 3303 1395 3361 agen-

274 3350 337 3406 dum
353 3360 450 3417 magna
466 3351 518 3410 atq.
538 3343 652 3394 honesta
667 3343 827 3412 ratione,
852 3355 898 3400 ant
920 3347 1000 3402 etiam
1025 3367 1099 3406 nac.
1123 3356 1268 3410 accessisse
1291 3359 1321 3422 5,
1346 3362 1393 3426 13,

195 3447 198 3456 ι
273 3419 316 3470 59.
336 3411 519 3483 ριοιιιιιιιὶιιιιι
537 3426 597 3462 nec.
620 3413 699 3479 maed.
720 3413 805 3466 cilicii
832 3415 896 3468 mihi
919 3418 1033 3490 delegati
1057 3421 1084 3486 6,
1110 3422 1152 3474 i’r.
1179 3428 1204 3476 1.
1230 3425 1395 3481 immutabili

171 3519 175 3536 ,
273 3499 333 3538 neo.
353 3481 512 3538 constrictus
528 3484 555 3545 2,
574 3483 616 3545 13,
639 3484 664 3531 1.
698 3480 757 3548 ipsa
772 3483 851 3536 metri
867 3501 928 3538 neo.
946 3497 1079 3559 coguntur
1103 3491 1130 3555 8,
1156 3493 1183 3557 6,
1211 3489 1265 3559 173'
1290 3499 1394 3562 quaed.

274 3569 318 3606 ax
335 3550 530 3604 occasione
547 3550 593 3600 vel
609 3564 651 3600 ex
668 3565 743 3602 nec.
763 3551 886 3604 ducimus¹
904 3553 978 3622 (Sp.
1000 3555 1074 3625 dios)
1098 3557 1125 3625 4,
1143 3563 1169 3627 3,
1188 3563 1229 3616 16.
1254 3566 1330 3632 qnod
1347 3575 1395 3620 11-

271 3637 334 3676 men
350 3637 439 3672 tarum
457 3633 517 3670 esse
532 3617 612 3671 debet
633 3625 661 3670 et
678 3634 720 3672 ex
737 3634 807 3671 nec.
830 3622 935 3676 demum
952 3621 986 3692 4,
1004 3626 1030 3689 5,
1046 3630 1074 3682 7.

238 3687 461 3754 Necessitudo·
489 3700 618 3772 religiosa
632 3704 747 3770 ,quadam
765 3720 825 3759 nec.
845 3705 963 3762 imbutae
980 3712 1142 3778 (amicitiae)
1167 3718 1191 3781 1,
1209 3719 1235 3780 2,
1252 3719 1296 3772 20.
1327 3733 1394 3773 cnm

272 3775 307 3828 de
325 3788 396 3824 nec.
415 3771 497 3822 multa
515 3769 643 3841 dixisset,
668 3772 702 3823 de
722 3773 870 3828 fortuna
887 3783 995 3847 quo'que
1012 3781 1108 3848 adjecit
1123 3785 1150 3850 6,
1169 3788 1194 3851 1,
1214 3785 1258 3844 50,

235 3842 359 3911 Neone.
394 3847 616 3924 Accipiat'enim
639 3855 786 3926 actionem,
817 3859 941 3925 neone,
967 3865 1000 3921 nd
1020 3877 1146 3928 evannum
1169 3870 1285 3938 pertinet
1309 3875 1338 3939 3,
1363 3875 1393 3938 6,

271 3931 314 3982 73.
334 3943 373 3978 an
390 3925 457 3992 (Sp.
478 3927 611 3979 tollendum
628 3937 725 3993 cenam,
751 3930 834 3993 recte)
852 3932 1009 3986 amatorium
1026 3953 1163 3989 venenum
1180 3941 1225 4005 sit,
1247 3956 1341 3993 neon
1352 3945 1392 4004 ei

217 3995 219 4004 .
270 4001 297 4065 7,
323 4001 349 4061 3,
373 3997 409 4048 30
431 3996 458 4044 S.
482 3993 650 4046 Vocabulum
666 4011 706 4048 an
724 3996 867 4064 appellatio
884 3999 998 4054 dicenda
1013 4003 1049 4056 sit
1065 4011 1250 4077 προσηγορία,
1265 4019 1305 4062 ¹9,
1322 4013 1395 4064 sub,

231 4071 237 4080 .
268 4065 386 4130 jicienda
405 4059 524 4126 nomini,
550 4077 665 4116 necne
682 4089 718 4100 -
733 4065 850 4120 liberum
866 4068 1013 4140 opinaturis
1031 4073 1155 4156 relinquo
1183 4081 1207 4140 1,
1227 4075 1254 4141 1,
1272 4083 1317 4132 21,
1359 4137 1367 4144 ἢ

236 4131 338 4198 Νθῦθι
366 4166 398 4202 ao
418 4147 441 4202 si
458 4146 674 4214 virum-veneno
692 4159 814 4204 necessat
831 4155 857 4217 7,
875 4155 902 4220 8,
922 4159 949 4211 2.
983 4151 1080 4211 Cicero
1101 4189 1136 4201 -
1155 4160 1228 4214 addit
1241 4157 1282 4214 'ex
1300 4164 1394 4218 abnn-

271 4219 363 4288 danti,
388 4219 468 4272 talem
487 4214 575 4272 civem
592 4233 653 4269 cum
670 4233 772 4272 summa
789 4219 887 4276 virtute
905 4222 1163 4282 interfectoris
1187 4237 1214 4284 et
1231 4231 1320 4306 gioria
1339 4250 1392 4288 ns-
