2918 4756
418 383 457 448 de
480 381 696 448 Grammaticis
719 378 947 466 Quintilianus.
1071 391 1075 402 ‘
1135 385 1263 444 xmll

104 551 195 628 latet
222 575 265 647 1,
299 575 367 648 12,
393 577 426 648 7.
463 577 558 628 una
594 578 657 628 ree
693 553 951 654 quaelibet,
993 551 1285 655 atque'flecti‘

103 699 274 774 quoque
289 671 476 748 ultimum
493 678 573 747 hoc
593 675 767 752 Verbum
793 669 964 769 1,'5,1o.
990 674 1101 750 verbo
1123 674 1260 750 cuilr'-
1392 727 1395 736 .

102 794 256 884 bebi&
277 816 405 896 porro
423 797 622 869 Neutrum
639 794 948 898 Adjectivorum
968 822 1125 897 semper
1146 799 1261 898 apud

102 915 403 1014 Quintilianum
416 914 566 1014 ols'qoid
578 940 666 988 non
680 916 838 1016 αῖὴιιοᾱ
854 916 1064 1011 asciscere,
1082 917 1259 1016 ideoque

105 1061 135 1126 r,
159 1033 216 1124 15,
243 1036 279 1113 ὅ.
310 1037 364 1110 ol
371 1036 512 1136 equid
524 1036 731 1137 proprium
743 1060 838 1132 etc,
865 1061 1002 1137 neque
1018 1063 1069 1112 ex
1083 1036 1257 1112 Ambro-

99 1155 212 1230 siano
228 1159 259 1234 Ι.
275 1157 452 1259 dt'qrrod,
476 1159 695 1260 legendum
707 1151 789 1232 ‘esse
807 1159 864 1261 (v.
878 1157 1115 1258 Aliquie);
1143 1155 1257 1230 deni·
1378 1159 1381 1164 “

99 1301 180 1374 que
198 1279 342 1381 augeri
358 1303 569 1352 numerum
586 1281 789 1372 locorum,
810 1279 881 1352 ubi
903 1280 1070 1380 qut'tqm's
1087 1278 1130 1354 in
1146 1277 1259 1354 Abla-

99 1399 174 1473 tneo
208 1397 460 1500 adjectivatn
488 1397 572 1473 vim
602 1401 751 1493 habet,
792 1425 881 1476 non
908 1421 1071 1494 tamen,
1111 1397 1186 1474 nisi
1214 1396 1259 1470 in
1349 1473 1360 1496 κ

37 1554 71 1611 3
100 1521 338 1594 elocutione
370 1543 515 1618 quoquo
545 1520 680 1610 modo,
715 1525 830 1620 apud
857 1523 987 1620 ipsum
1022 1521 1290 1596 Ciceronem*
1369 1605 1377 1620 „

100 1640 190 1712 satis
210 1639 432 1740 frequenti.
489 1623 559 1714 De*
577 1640 741 1742 singulis
764 1648 817 1714 ad
840 1642 1027 1732 Lexioon
1047 1639 1257 1743 rejicimus,
1373 1669 1375 1676 ’

101 1781 143 1834 at
170 1741 259 1834 non
292 1761 471 1834 alienum
500 1759 576 1834 erit
607 1763 765 1838 abhoc
794 1765 908 1854 loce,
944 1767 995 1840 de
1020 1761 1258 1860 conjectura
1354 1779 1357 1796 ·

98 1879 327 1984 δρειίᾶίηςίἰ
350 1907 376 1955 a
395 1880 589 1981 Zumptio
618 1904 784 1982 recepta
808 1882 1016 1974 disserere,
1054 1905 1257 1982 quatuos
1362 1891 1364 1900 ’

101 2001 357 2076 Pronominis
378 2003 546 2101 qunque
563 2004 688 2101 plane
703 2001 967 2101 pervertitur:
996 2031 1037 2097 7,
1056 2027 1096 2094 2,
1112 1995 1172 2106 55.
1195 2026 1258 2074 cc·

103 2103 295 2198 cessatorio
326 2133 385 2196 est
417 2123 655 2220 efficere,
690 2123 745 2196 od
773 2117 1260 2225 qus'dqtit'd'faoiendum

103 2270 242 2318 emesae
263 2245 392 2318 colere
412 2243 637 2336 videantur,
663 2246 733 2318 ubi
756 2244 830 2321 viri
853 2244 910 2318 illi
935 2243 1066 2340 docti,
1095 2249 1192 2318 dum
1213 2253 1281 2329 ut,

103 2385 194 2462 post
209 2366 369 2461 ‹rfficerc
385 2362 635 2459 desiderant,
651 2365 886 2444 Relativum
904 2347 1090 2466 qm'dim'd
1101 2362 1260 2438 faciunt

104 2485 336 2561 Pronomen
350 2482 624 2576 indefinitum,
651 2483 693 2558 id
708 2491 842 2584 quod,
863 2486 938 2560 nisi
959 2485 1117 2561 ratione
1136 2485 1258 2560 modo
1368 2537 1378 2546 -

106 2626 346 2698 memorata,
370 2607 485 2678 nullo
506 2625 630 2705 pacto
648 2605 743 2680 ferri
763 2628 915 2707 potest,
939 2632 1066 2707 quum
1083 2605 1260 2680 Latinae

109 2723 244 2800 literae
259 2750 463 2824 nusquam
476 2724 599 2798 simile
614 2731 842 2826 exemplum
855 2727 1260 2828 exhibeant,omnes-
1288 2789 1292 2795 .

109 2869 189 2942 que
211 2845 296 2950 ejus
320 2845 475 2948 generis
497 2871 522 2918 a
539 2845 771 2922 Forcellino
792 2839 905 2922 allati
927 2847 1006 2922 ioci
1026 2867 1099 2923 aut
1113 2844 1261 2922 mutati
1341 2925 1346 2945 ¹

106 2964 184 3065 jam
208 2965 288 3042 stne
308 2965 352 3042 in
374 2965 616 3074 editionibus
635 2967 698 3066 (ef.
714 2970 874 3068 Zumpt.
897 2972 950 3042 aa
967 2968 1048 3044 cio.
1063 2968 1173 3069 ver.
1189 2967 1259 3058 ιν,
1382 2946 1389 2966 ’

113 3083 218 3190 rin),
241 3107 316 3160 aut
336 3086 516 3162 incertae
545 3085 625 3161 sint
654 3088 925 3184 attctoritatis3
959 3088 1081 3164 ceteri
1111 3110 1261 3180 autern,
1307 3079 1312 3090 ’

45 3226 49 3243 ’
108 3205 246 3305 quide
262 3211 340 3300 hac
357 3215 497 3282 eadem
512 3235 556 3282 re
572 3207 801 3309 disputant,
819 3229 949 3284 nov'os
964 3214 1075 3306 locos
1089 3212 1260 3282 laudent

107 3331 251 3402 nullos.
307 3329 381 3403 Est
409 3328 531 3432 igitur
559 3328 629 3405 illa
647 3317 856 3404 ¹sententia
886 3330 1077 3420 relativa,
1108 3353 1183 3428 per
1208 3329 1262 3403 ad
1382 3401 1388 3412 ,

109 3447 294 3548 quidqu&
316 3448 575 3543 introducta,
606 3448 821 3549 Objecturn
845 3451 968 3529 Verbi
991 3455 1167 3550 efficere,
1193 3447 1259 3520 hio

108 3565 133 3640 i.
151 3595 189 3670 q.
215 3569 374 3644 diceudo
398 3595 619 3670 expromere
638 3569 917 3674 significantis,
935 3577 994 3647 de
1010 3599 1091 3674 qua
1114 3569 1199 3670 ejus
1216 3565 1259 3644 vi

110 3691 160 3765 cf.
174 3693 278 3767 Lex.
295 3712 336 3764 et
355 3690 437 3766 Cic.
455 3688 524 3768 Or.
537 3695 576 3785 Ι,
603 3691 665 3786 26,
674 3712 769 3786 ‚120.
848 3731 851 3742 =

394 3870 396 3878 ’
457 3923 489 3984 a.
534 3918 602 3984 ue
628 3915 907 3986 ruvereto.

182 4055 301 4154 Quae
316 4060 399 4130 huc
413 4056 619 4155 pertinent
633 4055 720 4156 ipsa
735 4055 873 4130 melius
888 4052 1052 4130 docebit
1062 4049 1260 4142 Lexieon,

111 4195 156 4264 ut
170 4189 251 4252 rom
272 4203 311 4270 1,
328 4203 364 4272 7,
382 4199 440 4274 29.
464 4197 504 4250 et
520 4168 628 4251 tonte
648 4201 682 4269 c,
697 4183 734 4270 lt,
749 4177 809 4248 28.
834 4201 984 4279 angere
1001 4173 1083 4250 vim
1098 4191 1260 4252 senten·
1398 4249 1404 4270 ,
